<?xml version="1.0" encoding="UTF-8"?><collection xmlns="http://www.loc.gov/MARC21/slim"><record><leader>00444nam--2200169-i-4500</leader><controlfield tag="001">000033960</controlfield><controlfield tag="002">20161230</controlfield><controlfield tag="005">20161230201039</controlfield><controlfield tag="008">060222s1000------------r-----000-0-eng-d</controlfield><datafield ind1=" " ind2=" " tag="040"><subfield code="a">IFIN-HH</subfield></datafield><datafield ind1=" " ind2=" " tag="080"><subfield code="a">534.1</subfield></datafield><datafield ind1="1" ind2=" " tag="100"><subfield code="a">Morrow, Ch.T</subfield></datafield><datafield ind1="1" ind2="0" tag="245"><subfield code="a">Shock and vibration engineering</subfield><subfield code="c">Ch.t. morrow</subfield></datafield><datafield ind1=" " ind2=" " tag="260"><subfield code="a">New York, John Wiley And Sons, Inc., 1963,</subfield></datafield><datafield ind1="1" ind2=" " tag="787"><subfield code="a">Vol. I</subfield><subfield code="h">Xx + 384p</subfield></datafield><datafield ind1=" " ind2=" " tag="852"><subfield code="a">18779</subfield><subfield code="c">534</subfield></datafield><datafield ind1=" " ind2=" " tag="CAT"><subfield code="a">Sys</subfield><subfield code="c">20101007</subfield><subfield code="h">101357</subfield></datafield></record></collection>